%% BIBTEX %%

@string{ACM  = "ACM"}
@string{SIGPLAN = "SIGPLAN"}

@string{cmu-cs = "Carnegie Mellon University, School of Computer Science"}
@string{cornell-cs = "Department of Computer Science, Cornell University"}
@string{dec-src = "Digital Equipment Corporation, Systems Research Center"}
@string{edin-cs = "Department of Computer Science, University of Edinburgh"}
@string{inria = "Institut National de Recherche en Informatique et Automatique (INRIA)"}
@string{yale-cs = "Yale University, Department of Computer Science"}

@string{proc = "Proceedings of the "}

%% Conferences
@string{cade = "International Conference on Automated Deduction"}
@string{csl = "International Workshop on Computer Science Logic (CSL)"}
@string{esop = "European Symposium on Programming (ESOP)"}
@string{fool = "Foundations of Object-Oriented Languages Workshop (FOOL)"}
@string{fpca = "Conference on Functional Programming Languages and Computer Architecture (FPLCA)"}
@string{icalp = "International Colloquium on Automata, Languages, and Programming"}
@string{icfp = "{ACM SIGPLAN} International Conference on Functional Programming (ICFP) "}
@string{lfp = "{ACM} Conference on {Lisp} and Functional Programming"}
@string{lics = "{IEEE} Symposium on Logic in Computer Science (LICS)"}
@string{mfps = "Mathematical Foundations of Programming Semantics (MFPS)"}
@string{osdi = "Symposium on Operating Systems Design and Implementation (OSDI)"}
@string{pldi = " {ACM SIGPLAN} Conference on Programming Language Design and Implementation (PLDI)"}
@string{popl = " {ACM} {SIGPLAN}-{SIGACT} Symposium on Principles of Programming Languages (POPL)"}
@string{sosp = " {ACM} Symposium on Operating Systems Principles (SOSP)"}
@string{tacs = "Theoretical Aspects of Computer Software (TACS)"}
@string{tlca = "International Conference on Typed Lambda Calculi and Applications (TLCA)"}
@string{sigmod = "Proc. {ACM} {SIGMOD} International
                  Conference on Management of Data"}
@string{oopsla = "{ACM} {SIGPLAN} Conference on Object-Oriented
                  Programming, Systems, Languages and Applications (OOPSLA)"}
@string{sigcomm = "Proc. {SIGCOMM} Symposium on Communications
                  Architectures and Protocols"}
@string{ieeesp = "IEEE Symposium on Research in Security and Privacy"}
@string{rtss = "Real-Time Systems Symposium"}
@string{gpce = "Generative Programming and Component Engineering (GPCE)"}

%% Workshops
@string{tic = "{ACM} {SIGPLAN} Workshop on Types in Compilation"}
@string{wcsss = "{ACM} {SIGPLAN} Workshop on Compiler Support for System Software"}
@string{hotos = "Workshop on Hot Topis in Operating Systems"}
@string{lctes = "Proceedings of the {ACM} {SIGPLAN} Workshop on Languages, 
                 Compilers, and Tools for Embedded Systems (LCTES)"}
@string{pepm = "{ACM} {SIGPLAN} Workshop on Partial Evaluation and
                  Semantics-Based Program Manipulation (PEPM)"}
@string{hoots = "International Workshop on Higher Order Operational Techniques in Semantics (HOOTS)"}
@string{tldi = {ACM SIGPLAN Workshop on Types in Language Design and Implementation (TLDI)}}

%% Journals
@string{iandc = "Information and Computation"}
@string{jacm = "Journal of the {ACM}"}
@string{jfp = "Journal of Functional Programming"}
@string{mscs = "Mathematical Structures in Computer Science"}
@string{tcs = "Theoretical Computer Science"}
@string{toplas = "{ACM} Transactions on Programming Languages and Systems"}
@string{tse = "{IEEE} Transactions on Software Engineering"}
@String{j-LISP-SYMB-COMPUT      = "Lisp and Symbolic Computation"}

@string{lncs = "Lecture Notes in Computer Science"}

@string{academic = "Academic Press"}
@string{addison = "Addison-Wesley"}
@string{cambridge-press = "Cambridge University Press"}
@string{chapman = "Chapman \& Hall"}
@string{elsevier = "Elsevier"}
@string{mit-press = "The MIT Press"}
@string{noholland = "North-Holland"}
@string{springer = "Springer-Verlag"}
@string{sigplan-notices = "{SIGPLAN} Notices"}
@string{cam-ma = "Cambridge, Massachusetts"}
@string{ith-ny = "Ithaca, New York"}
@string{pgh-pa = "Pittsburgh, Pennsylvania"}

@string{o1="First "}
@string{o2="Second "}
@string{o3="Third "}
@string{o4="Fourth "}
@string{o5="Fifth "}
@string{o6="Sixth "}
@string{o7="Seventh "}
@string{o8="Eighth "}
@string{o9="Ninth "}
@string{o10="Tenth "}
@string{o11="Eleventh "}
@string{o12="Twelfth "}
@string{o13="Thirteenth "}
@string{o14="Fourteenth "}
@string{o15="Fifteenth "}
@string{o16="Sixteenth "}
@string{o17="Seventeenth "}
@string{o18="Eighteenth "}
@string{o19="Nineteenth "}
@string{o20="Twentieth "}
@string{o21="Twenty-First "}
@string{o22="Twenty-Second "}
@string{o23="Twenty-Third "}
@string{o24="Twenty-Fourth "}
@string{o25="Twenty-Fifth "}
@string{o26="Twenty-Sixth "}
@string{o27="Twenty-Seventh "}


%% Ack for downloaded bib entry

@String{ack-nhfb = "Nelson H. F. Beebe,
                    Center for Scientific Computing,
                    University of Utah,
                    Department of Mathematics, 322 INSCC,
                    155 S 1400 E RM 233,
                    Salt Lake City, UT 84112-0090, USA,
                    Tel: +1 801 581 5254,
                    FAX: +1 801 585 1640, +1 801 581 4148,
                    e-mail: \path|beebe@math.utah.edu|,
                            \path|beebe@acm.org|,
                            \path|beebe@ieee.org| (Internet),
                    URL: \path|http://www.math.utah.edu/~beebe/|"}


{ACM} {SIGPLAN}-{SIGACT}



