@comment{{This file has been generated by bib2bib 1.99}}

@comment{{Command line: bib2bib -c '$type = "MISC"' ../../bibtex/weirich.bib}}

@misc{suarez:logrel,
  author = {Emmanuel {Su\'{a}rez Acevedo} and Stephanie Weirich},
  title = {Making Logical Relations More Relatable (Proof Pearl)},
  note = {Draft},
  month = sep,
  year = 2023,
  eprint = {2309.15724},
  archiveprefix = {arXiv},
  primaryclass = {cs.PL}
}

@misc{spectorzabusky2019embracing,
  title = {Embracing a mechanized formalization gap},
  author = {Antal Spector-Zabusky and Joachim Breitner and Yao Li and Stephanie Weirich},
  year = {2019},
  month = oct,
  eprint = {1910.11724},
  archiveprefix = {arXiv},
  primaryclass = {cs.PL},
  plclub = {yes}
}

@misc{coqpl18,
  author = {Stephanie Weirich, Antoine Voizard, Anastasiya Kravchuk-Kirilyuk},
  title = {Locally Nameless at Scale},
  howpublished = {The Fourth International Workshop on Coq for Programming Languages},
  month = jan,
  year = 2018,
  pdf = {papers/coqpl2018.pdf},
  plclub = {yes}
}

@misc{aydemir:lngen,
  title = {LNgen: Tool Support for Locally Nameless Representations},
  author = {Brian Aydemir and Stephanie Weirich},
  institution = {Computer and Information Science, University of Pennsylvania},
  month = jun,
  year = 2010,
  plclub = {yes},
  number = {MS-CIS-10-24},
  pdf = {http://repository.upenn.edu/cis_reports/933},
  pdf = {http://www.seas.upenn.edu/~sweirich/papers/MS-CIS-10-24.pdf},
  projecturl = {http://www.cis.upenn.edu/~sweirich/papers/lngen/}
}

@misc{aydemir:syntax,
  author = {Brian Aydemir and Steve Zdancewic and Stephanie Weirich},
  title = {Abstracting Syntax},
  number = {MS-CIS-09-06},
  month = mar,
  year = 2009,
  plclub = {no},
  institution = {Computer and Information Science, University of Pennsylvania},
  pdf = {http://repository.upenn.edu/cis_reports/901/},
  projecturl = {http://www.cis.upenn.edu/~sweirich/papers/abstracting-syntax/}
}

@misc{weirich2021icfp,
  title = {ICFP 2020 Post-Conference Report},
  author = {Stephanie Weirich and Benjamin Pierce},
  year = {2021},
  eprint = {2104.01239},
  archiveprefix = {arXiv},
  primaryclass = {cs.DL},
  plclub = {yes},
  url = {https://arxiv.org/abs/2104.01239}
}

@misc{plmw12,
  author = {Kathleen Fisher and Ronald Garcia and Stephanie Weirich},
  title = {Nourishing the future of the field: the programming language mentoring workshop 2012},
  booktitle = {ACM SIGPLAN Notices - Supplemental issue},
  journal = {SIGPLAN Not.},
  month = {April},
  year = 2012,
  volume = 47,
  number = {4a},
  issue_date = {April 2012},
  issue_description = {Supplemental issue},
  publisher = {ACM},
  address = {New York, NY, USA},
  doi = {10.1145/2442776.2448985},
  pages = {14--15},
  plclub = {yes}
}

@misc{Weirich:ICFP10ChairsReport,
  author = {Stephanie Weirich},
  title = {ICFP 2010 PC Chair's Report},
  month = sep,
  year = {2010},
  plclub = {Yes}
}

@misc{Weirich:Haskell09ChairsReport,
  author = {Stephanie Weirich},
  title = {Haskell 2009 PC Chair's Report},
  month = aug,
  year = {2009},
  plclub = {Yes}
}

@misc{weirich:pi-forall,
  doi = {10.48550/ARXIV.2207.02129},
  url = {https://arxiv.org/abs/2207.02129},
  author = {Weirich, Stephanie},
  title = {Implementing Dependent Types in pi-forall},
  note = {Lecture notes for the Oregon Programming Languages Summer School},
  publisher = {arXiv},
  year = {2023},
  copyright = {Creative Commons Attribution 4.0 International},
  plclub = {yes}
}

@misc{weirich:oplss2,
  author = {Stephanie Weirich},
  title = {Designing Dependently-Typed Programming Languages},
  howpublished = {Lectures given at the {Summer School on Logic and Theorem Proving
in Programming Languages}, Eugene OR, USA. July 2013},
  month = jul,
  year = 2013
}

@misc{weirich:oplss,
  author = {Stephanie Weirich and Brian Aydemir},
  title = {Coq for Programming Language Metatheory},
  howpublished = {Lectures given at the {Summer School on Logic and Theorem Proving
in Programming Languages}, Eugene OR, USA. July 22-25, 2008},
  year = 2008,
  note = {Tutorial materials available at \url{http://www.cis.upenn.edu/~plclub/oregon08/}}
}

@misc{weirich:popl-tutorial,
  author = {Brian Aydemir and Aaron Bohannon and Benjamin Pierce and Jeffrey Vaughan and Dimitrios Vytiniotis and Stephanie Weirich and Steve Zdancewic},
  title = {Using Proof Assistants for Programming Language Research or, How to write your Next
POPL paper in Coq},
  howpublished = {Tutorial session co-located with POPL 2008, San Francisco, CA},
  month = jan,
  year = 2008,
  note = {Tutorial materials available at \url{http://www.cis.upenn.edu/~plclub/popl08-tutorial/}}
}

@misc{InCertProposal07,
  title = {Manifest Security},
  author = {Karl Crary and  Robert Harper and Frank Pfenning and
                  Benjamin C. Pierce and Stephanie Weirich and
                  Stephan Zdancewic},
  year = 2007,
  month = jan,
  keys = {security},
  plclub = {No},
  note = {White paper},
  pdf = {http://www.cis.upenn.edu/~bcpierce/papers/manifestsecurity-whitepaper.pdf}
}

@misc{weirich:lics24,
  author = {Stephanie Weirich},
  title = {Tracking how dependently-typed functions use their arguments},
  year = 2024,
  note = {Invited keynote at LICS/ICALP/FSCD},
  plclub = {yes}
}

@misc{weirich:popl17,
  author = {Stephanie Weirich},
  title = {The Influence of Dependent Types},
  month = jan,
  year = 2017,
  note = {Invited keynote given at POPL 2017},
  plclub = {yes}
}

@misc{weirich:icfp14,
  author = {Stephanie Weirich},
  title = {Depending on Types},
  year = 2014,
  note = {Invited keynote given at ICFP 2014},
  plclub = {yes}
}

@misc{weirich:flops12,
  author = {Stephanie Weirich},
  title = {Dependently typed programming in GHC},
  note = {Invited keynote given at FLOPS 2012},
  slides = {http://www.seas.upenn.edu/~sweirich/talks/flops2012.pdf},
  month = {May},
  year = 2012,
  plclub = {yes}
}

@misc{weirich:tlca11,
  author = {Stephanie Weirich},
  title = {Combining Proofs and Programs},
  note = {Joint invited speaker for Rewriting Techniques and Applications (RTA 2011) and Typed Lambda Calculi and Applications (TLCA 2011)},
  slides = {http://www.seas.upenn.edu/~sweirich/talks/tlca-2011.pdf},
  month = jun,
  year = 2011,
  plclub = {yes}
}

